@INCOLLECTION{EWD:EWD447pub,
  author = {Edsger W. Dijkstra},
  title = {On the role of scientific thought},
  booktitle = {Selected Writings on Computing: A Personal Perspective},
  publisher = {Springer-Verlag},
  year = {1982},
  pages = {60--66},
  owner = {alage},
  timestamp = {2012.01.31}
}

@UNPUBLISHED{EWD:EWD447,
  author = {Edsger W. Dijkstra},
  title = {On the role of scientific thought},
  note = {published as {\cite EWD:EWD447pub}},
  month = aug,
  year = {1974},
  filesize = {286#KB#},
  owner = {alage},
  timestamp = {2012.01.31},
  url = {http://www.cs.utexas.edu/users/EWD/ewd04xx/EWD447.PDF}
}

@ARTICLE{Par72CACM,
  author = {Parnas, D. L.},
  title = {{On the Criteria to be Used in Decomposing Systems Into Modules}},
  journal = {Commun. ACM},
  year = {1972},
  volume = {15},
  pages = {1053--1058},
  month = {December},
  acmid = {361623},
  address = {New York, NY, USA},
  doi = {http://doi.acm.org/10.1145/361598.361623},
  issn = {0001-0782},
  issue = {12},
  keywords = {KWIC index, modularity, modules, software, software design, software
	engineering},
  numpages = {6},
  owner = {alage},
  publisher = {ACM},
  timestamp = {2012.01.31},
  url = {http://doi.acm.org/10.1145/361598.361623}
}


@INPROCEEDINGS{CapEtAl05GRID,
  author = {Cappello, F. and Caron, E. and Dayde, M. and Desprez, F. and Jegou,
	Y. and Primet, P. and Jeannot, E. and Lanteri, S. and Leduc, J. and
	Melab, N. and Mornet, G. and Namyst, R. and Quetier, B. and Richard,
	O.},
  title = {Grid'5000: A Large Scale and Highly Reconfigurable Grid Experimental
	Testbed},
  booktitle = {Proceedings of the 6th IEEE/ACM International Workshop on Grid Computing
	(GRID)},
  year = {2005},
  series = {GRID '05},
  pages = {99--106},
  address = {Washington, DC, USA},
  publisher = {IEEE Computer Society},
  acmid = {1253484},
  doi = {http://dx.doi.org/10.1109/GRID.2005.1542730},
  isbn = {0-7803-9492-5},
  numpages = {8},
  owner = {alage},
  timestamp = {2011.04.29},
  url = {http://dx.doi.org/10.1109/GRID.2005.1542730}
}



@TECHREPORT{wsrf04Globus,
  author = {Karl Czajkowski and Don Ferguson and Ian Foster and Jeff Frey and
	Steve Graham and Tom Maguire and David Snelling and Steve Tuecke},
  title = {{From Open Grid Services Infrastructure to WS-Resource Framework:
	Refactoring \& Evolution}},
  institution = {Fujitsu Limited and International Business Machines Corporation and
	The University of Chicago},
  year = {2004},
  month = {May},
  owner = {alage},
  timestamp = {2010.02.22},
  url = {http://www.globus.org/wsrf/specs/ogsi_to_wsrf_1.0.pdf}
}

@PATENT{mapreduce04USpatent,
  nationality = {{US}},
  number = {7,650,331},
  year = {2010},
  yearfiled = {2004},
  author = {Jeffrey Dean and Sanjay Ghemawat},
  title = {System and method for efficient large-scale data processing},
  language = {English},
  assignee = {Google Inc.},
  address = {Mountain View, CA},
  url = {http://patft.uspto.gov/netacgi/nph-Parser?Sect1=PTO1&Sect2=HITOFF&d=PALL&p=1&u=/netahtml/PTO/srchnum.htm&r=1&f=G&l=50&s1=7,650,331.PN.&OS=PN/7,650,331&RS=PN/7,650,331},
  owner = {alage},
  timestamp = {2012.01.04}
}


@MISC{google,
  author = {Google, Inc.},
  title = {Google},
  howpublished = {http://www.google.com},
  month = {September},
  year = {1998},
  note = {Accessed in January 2012},
  owner = {alage},
  timestamp = {2012.02.13}
}

